<?xml version="1.0" encoding="UTF-8"?><collection xmlns="http://www.loc.gov/MARC21/slim"><record><leader>00644nam--2200193-i-4500</leader><controlfield tag="001">000018331</controlfield><controlfield tag="002">20161230</controlfield><controlfield tag="005">20161230201032</controlfield><controlfield tag="008">060222s1000------------r-----000-0-eng-d</controlfield><datafield ind1=" " ind2=" " tag="040"><subfield code="a">IFIN-HH</subfield></datafield><datafield ind1=" " ind2=" " tag="080"><subfield code="a">533.9</subfield></datafield><datafield ind1="1" ind2=" " tag="100"><subfield code="a">Fischer, Heinz</subfield></datafield><datafield ind1="1" ind2="0" tag="245"><subfield code="a">Conference on extremely high temperatures. boston, massachusetts, march 18-19, 1958</subfield><subfield code="c">Heinz Fischer, Laurence C. Mansur (Eds.)</subfield></datafield><datafield ind1=" " ind2=" " tag="260"><subfield code="a">New York, John Wiley &amp; Sons, Inc., 1958</subfield></datafield><datafield ind1=" " ind2=" " tag="300"><subfield code="a">XI + 258 P</subfield></datafield><datafield ind1=" " ind2=" " tag="500"><subfield code="a">Sponsored by Electronic Research Directorate, Air Force Cambridge Research Center</subfield></datafield><datafield ind1="1" ind2=" " tag="700"><subfield code="a">Mansur, K.C</subfield></datafield><datafield ind1=" " ind2=" " tag="852"><subfield code="a">14520</subfield><subfield code="c">533.9</subfield></datafield><datafield ind1=" " ind2=" " tag="CAT"><subfield code="a">Sys</subfield><subfield code="c">20100917</subfield><subfield code="h">125425</subfield></datafield></record></collection>